@article{argyle2022out,
  title={Out of One, Many: Using Language Models to Simulate Human Samples},
  author={Argyle, Lisa P. and Busby, Ethan C. and Gubler, Joshua R. and Bail, Christopher A. and Howe, Thomas and Rytting, Christopher and Wingate, David},
  journal={Political Analysis},
  volume={30},
  number={4},
  pages={506--523},
  year={2022},
  publisher={Cambridge University Press},
  doi={10.1017/pan.2022.20}
}

@inproceedings{park2023generative,
  title={Generative Agents: Interactive Simulacra of Human Behavior},
  author={Park, Joon Sung and O'Brien, Joseph C. and Cai, Carrie J. and Morris, Meredith Ringel and Liang, Percy and Bernstein, Michael S.},
  booktitle={Proceedings of the 36th Annual ACM Symposium on User Interface Software and Technology},
  pages={1--22},
  year={2023},
  organization={ACM},
  doi={10.1145/3586183.3606740}
}

@article{xu2023leveraging,
  title={Leveraging generative artificial intelligence to simulate student learning behavior},
  author={Xu, Songlin and Zhang, Xiang},
  journal={arXiv preprint arXiv:2309.02590},
  year={2023},
  doi={10.48550/arXiv.2309.02590}
}

@inproceedings{lu2024generative,
  title={Generative Students: Using LLM-Simulated Student Profiles to Support Question Item Evaluation},
  author={Lu, Xinyi and Heffernan, Neil},
  booktitle={Proceedings of the 11th ACM Conference on Learning @ Scale},
  pages={1--12},
  year={2024},
  organization={ACM},
  doi={10.1145/3627111.3627576}
}

@article{fagbohun2024beyond,
  title={Beyond Traditional Assessment: Exploring the Impact of Large Language Models on Grading Practices},
  author={Fagbohun, Oluwole and Smith, John and Johnson, Emily and Brown, Michael and Wilson, Sarah},
  journal={Journal of Artificial Intelligence, Machine Learning and Data Science},
  volume={1},
  number={1},
  pages={1--15},
  year={2024},
  publisher={AI Research Press}
}

@article{gao2023automatic,
  title={Automatic assessment of text-based responses in post-secondary education: A systematic review},
  author={Gao, Rujun and Zhang, Yanyan and Wen, Yuxin and Chen, Xiaohua and Li, Xiaoning},
  journal={Computers and Education: Artificial Intelligence},
  volume={4},
  pages={100094},
  year={2023},
  publisher={Elsevier},
  doi={10.1016/j.caeai.2023.100094}
}

@article{artsi2024large,
  title={Large language models for generating medical examinations: systematic review},
  author={Artsi, Yaara and Schwartz, Roy and Beit-Or, Eden and Gillis, Robert and Bachner-Hinenzon, Noa and Bachner, Yaacov G.},
  journal={medRxiv},
  year={2024},
  publisher={Cold Spring Harbor Laboratory Press},
  doi={10.1101/2024.01.15.24101177}
}

@inproceedings{zelikman2023generating,
  title={Generating and Evaluating Tests for K-12 Students with Language Model Simulations: A Case Study on Sentence Reading Efficiency},
  author={Zelikman, Eric and Burns, Cynthia and Burstein, Jill and Sabatini, John and Wu, Mike and Beigman Klebanov, Beata},
  booktitle={Proceedings of the 2023 Conference on Empirical Methods in Natural Language Processing},
  pages={1--12},
  year={2023},
  organization={Association for Computational Linguistics}
}

@book{baker2004item,
  title={Item Response Theory: Parameter Estimation Techniques},
  author={Baker, Frank B. and Kim, Seock-Ho},
  year={2004},
  publisher={CRC Press}
}

@book{hambleton2013item,
  title={Item Response Theory: Principles and Applications},
  author={Hambleton, Ronald K. and Swaminathan, Hariharan and Rogers, H. Jane},
  year={2013},
  publisher={Springer}
}

@book{lord1980applications,
  title={Applications of Item Response Theory to Practical Testing Problems},
  author={Lord, Frederic M.},
  year={1980},
  publisher={Routledge}
}

@book{rasch1993probabilistic,
  title={Probabilistic Models for Some Intelligence and Attainment Tests},
  author={Rasch, Georg},
  year={1993},
  publisher={MESA Press}
}

@book{vanderlinden2016handbook,
  title={Handbook of Item Response Theory},
  author={van der Linden, Wim J.},
  year={2016},
  publisher={CRC Press}
}

@book{embretson2013item,
  title={Item Response Theory for Psychologists},
  author={Embretson, Susan E. and Reise, Steven P.},
  year={2013},
  publisher={Psychology Press}
}

@book{wainer2000computerized,
  title={Computerized Adaptive Testing: A Primer},
  author={Wainer, Howard},
  year={2000},
  publisher={Routledge}
}

@techreport{mislevy1988collateral,
  author={Mislevy, Robert J.},
  title={Exploiting Collateral Information in the Estimation of Item Parameters},
  year={1988},
  institution={Educational Testing Service}
}

@article{thomas2002complex,
  author={Thomas, David R. and Gan, Mo-Li},
  title={Applying Item Response Theory Methods to Complex Survey Data},
  journal={Social Indicators Research},
  volume={60},
  number={1-3},
  pages={143--159},
  year={2002},
  doi={10.1023/A:1021230026679}
}
